@article{yourname2024nature,
    title = {Advanced theoretical approaches to quantum mechanical systems},
    author = {\textbf{Your Name} and Jane Smith and John Doe and Science McScienceman},
    journal = {Journal of Theoretical Physics},
    volume = {18},
    number = {3},
    pages = {234--242},
    year = {2024},
    publisher = {Nature Publishing Group},
    doi = {10.1038/s41566-024-01234-5}
}

@article{yourname2023mnras,
    title = {Experimental validation of novel computational methods in statistical mechanics},
    author = {\textbf{Your Name} and Alice Johnson and Bob Wilson},
    journal = {Physical Review Letters},
    volume = {521},
    number = {4},
    pages = {3847--3862},
    year = {2023},
    publisher = {Oxford University Press},
    doi = {10.1093/mnras/stad1234}
}

@article{rodriguez2023opex,
    title = {Numerical analysis of wave propagation in complex media},
    author = {Emily Rodriguez and \textbf{Your Name} and Joe Bloggs},
    journal = {Journal of Applied Physics},
    volume = {31},
    number = {12},
    pages = {19456--19471},
    year = {2023},
    publisher = {Optical Society of America},
    doi = {10.1364/OE.489234}
}

@article{yourname2022jlt,
    title = {Monte Carlo simulations of particle interactions in quantum systems},
    author = {\textbf{Your Name} and Michael Brown and Sarah Davis},
    journal = {Computational Physics Communications},
    volume = {40},
    number = {15},
    pages = {5234--5245},
    year = {2022},
    publisher = {IEEE},
    doi = {10.1109/JLT.2022.3167890}
}

@inproceedings{yourname2024spie1,
    title = {Novel algorithms for large-scale computational problems in physics},
    author = {\textbf{Your Name} and Lisa Thompson and David Miller and Research McResearchface},
    booktitle = {Proceedings of the International Conference on Computational Physics},
    volume = {13096},
    pages = {130960F},
    year = {2024},
    organization = {SPIE},
    doi = {10.1117/12.2677234}
}

@inproceedings{yourname2023spie2,
    title = {Statistical analysis of measurement uncertainties in experimental physics},
    author = {\textbf{Your Name} and Kevin Anderson and Maria Garcia},
    booktitle = {Conference on Advanced Statistical Methods in Physics},
    volume = {12680},
    pages = {126800G},
    year = {2023},
    organization = {SPIE},
    doi = {10.1117/12.2677890}
}

@inproceedings{lee2023spie3,
    title = {Optimization techniques for numerical solutions in theoretical physics},
    author = {Jennifer Lee and \textbf{Your Name} and Thomas Clark and Physics McPhysicsname},
    booktitle = {International Workshop on Mathematical Physics},
    volume = {12525},
    pages = {125250H},
    year = {2023},
    organization = {SPIE},
    doi = {10.1117/12.2663456}
}

@inproceedings{yourname2022spie4,
    title = {Machine learning approaches to pattern recognition in physical systems},
    author = {\textbf{Your Name} and Dr. Academia},
    booktitle = {Conference on Machine Learning in Physics},
    volume = {12184},
    pages = {121840K},
    year = {2022},
    organization = {SPIE},
    doi = {10.1117/12.2629123}
}

@inproceedings{yourname2024photwest,
    title = {Advanced data analysis techniques for high-energy physics experiments},
    author = {\textbf{Your Name} and Rebecca Martinez and James Taylor},
    booktitle = {International Conference on High Energy Physics},
    pages = {PC12845-12},
    year = {2024},
    organization = {SPIE},
    address = {San Francisco, USA}
}

@inproceedings{yourname2023labchar,
    title = {Experimental techniques in modern condensed matter physics},
    author = {\textbf{Your Name} and Anna Wilson and Robert Jones},
    booktitle = {Conference on Experimental Methods in Physics},
    pages = {ICSO-145},
    year = {2023},
    address = {Dubrovnik, Croatia}
}

@article{expert2023review,
    title = {Recent advances in theoretical and computational physics},
    author = {Professor Expert and \textbf{Your Name} and Dr. Colleague},
    journal = {Reviews of Modern Physics},
    volume = {61},
    pages = {119--165},
    year = {2023},
    publisher = {Annual Reviews},
    doi = {10.1146/annurev-astro-052920-103508}
}

@article{chen2023apjl,
    title = {Phase transitions and critical phenomena in complex systems},
    author = {Sophie Chen and \textbf{Your Name} and William Green and Science McScienceman},
    journal = {Journal of Statistical Physics},
    volume = {948},
    number = {1},
    pages = {L12},
    year = {2023},
    publisher = {IOP Publishing},
    doi = {10.3847/2041-8213/acd123}
}

@article{white2022ao,
    title = {Finite element analysis of electromagnetic wave propagation},
    author = {Christopher White and \textbf{Your Name} and Emma Black},
    journal = {Journal of Computational and Applied Mathematics},
    volume = {665},
    pages = {A89},
    year = {2022},
    publisher = {EDP Sciences},
    doi = {10.1051/0004-6361/202243567}
}

@article{adams2022pasp,
    title = {Symmetry breaking and emergence in many-body quantum systems},
    author = {Daniel Adams and \textbf{Your Name} and Rachel Kim and Joe Bloggs},
    journal = {Physical Review B},
    volume = {134},
    number = {1041},
    pages = {114501},
    year = {2022},
    publisher = {IOP Publishing},
    doi = {10.1088/1538-3873/ac9e8c}
}

@article{santos2021prl,
    title = {Nonlinear dynamics and chaos in classical mechanical systems},
    author = {Victoria Santos and \textbf{Your Name} and Andrew Harper and Research McResearchface},
    journal = {Chaos: An Interdisciplinary Journal of Nonlinear Science},
    volume = {127},
    number = {12},
    pages = {123901},
    year = {2021},
    publisher = {American Physical Society},
    doi = {10.1103/PhysRevLett.127.123901}
}